
@article{punzo2005nonstationary,
  title={Nonstationary kalman filter for estimation of accurate and consistent car-following data},
  author={Punzo, Vincenzo and Formisano, Domenico Josto and Torrieri, Vincenzo},
  journal={Transportation research record},
  volume={1934},
  number={1},
  pages={2--12},
  year={2005},
  remark={The Napoli driving experiment},
  publisher={SAGE Publications Sage CA: Los Angeles, CA}
}

@article{farazi2020deep,
  title={Deep Reinforcement Learning and Transportation Research:
         A Comprehensive Review}, 
  author={Farazi, Nahid Parvez and Ahamed, Tanvir and Barua,
          Limon and Zou, Bo},
  journal={arXiv preprint arXiv:2010.06187},
  year={2020}
}

@article{qu2020jointly,
  title={Jointly dampening traffic oscillations and improving energy
         consumption with electric, connected and automated vehicles:
         a reinforcement learning based approach},
  author={Qu, Xiaobo and Yu, Yang and Zhou, Mofan and Lin,
           Chin-Teng and Wang, Xiangyu},
  journal={Applied Energy},
  volume={257},
  pages={114030},
  year={2020},
  publisher={Elsevier}
}


@article{Kanagaraj2018self,
  title={Self-driven particle model for mixed traffic and other disordered flows},
  author={Kanagaraj, Venkatesan and Treiber, Martin},
  journal={Physica A: Statistical Mechanics and its Applications},
  volume={509},
  pages={1--11},
  year={2018},
  publisher={Elsevier}
}



@article{Treiber2018stochIDM_TRB,
title = "The Intelligent Driver Model with stochasticity --
         New insights into traffic flow oscillations",
journal = "Transportation Research Part B: Methodological",
volume = "117",
pages = "613 - 623",
year = "2018",
note = "TRB:ISTTT-22",
issn = "0191-2615",
doi = "https://doi.org/10.1016/j.trb.2017.08.012",
url = "http://www.sciencedirect.com/science/article/pii/S0191261517307014",
author = "Martin Treiber and Arne Kesting",
keywords = "Car-following model, Traffic oscillations, Flow instability, Acceleration noise, Action points, Spectral intensity, Fluctuations, Correlations, Order parameter, Bicycle traffic"
}

@BOOK{TreiberKesting-Book,
  title = {Traffic Flow Dynamics: Data, Models and Simulation},
  author = {M. Treiber and A. Kesting},
  publisher = {Springer},
  year = {2013},
  address = {Berlin},
  citeref = {TreKe12},
  remark = {http://www.traffic-flow-dynamics.org},
  entrytype = {book}
}

@ARTICLE{Opus,
  author = {M. Treiber and Ansgar Hennecke and D. Helbing},
  title = {Congested traffic states in empirical observations and microscopic
	simulations},
  journal = {Physical Review E},
  year = {2000},
  volume = {62},
  pages = {1805-1824},
  citeref = {Opus},
  entrytype = {article},
  publisher = {American Physical Society},
  doi = {10.1103/PhysRevE.62.1805},
  remark = {IDM: NO REMARKS; bei VG Wort gemeldet Preprint cond-mat/0002177}
}

@book{HonerkampEngl,
  title={Stochastic dynamical systems: concepts, numerical methods, data analysis},
  author={Honerkamp, Josef},
  year={1993},
  publisher={John Wiley \& Sons}
}


@article{vehicleCrashSurvey2015,
  title={Critical Reasons for Crashes Investigated in the National Motor Vehicle Crash Causation Survey},
  author={Singh, Santokh},
  publisher={US Department of Transportation National Highway Traffic Safety Administration},
  journal={NHTSA, Washington, DC, USA},
  year={2015}
}


@inproceedings{OnRampMerge2020,
  title={Anti-jerk on-ramp merging using deep reinforcement learning},
  author={Lin, Yuan and McPhee, John and Azad, Nasser L},
  booktitle={2020 IEEE Intelligent Vehicles Symposium (IV)},
  pages={7--14},
  year={2020},
  organization={IEEE},
  doi = {10.1109/IV47402.2020.9304647}
}

@article{OnRampMerge2018,
  title={Autonomous ramp merge maneuver based on reinforcement learning with continuous action space},
  author={Wang, Pin and Chan, Ching-Yao},
  journal={arXiv preprint arXiv:1803.09203},
  year={2018}
}


@inproceedings{intersection1,
  title={Navigating occluded intersections with autonomous vehicles using deep reinforcement learning},
  author={Isele, David and Rahimi, Reza and Cosgun, Akansel and Subramanian, Kaushik and Fujimura, Kikuo},
  booktitle={2018 IEEE International Conference on Robotics and Automation (ICRA)},
  pages={2034--2039},
  year={2018},
  organization={IEEE},
  doi={10.1109/ICRA.2018.8461233}
}


@INPROCEEDINGS{intersection2,
  author={G. {Tolebi} and N. S. {Dairbekov} and D. {Kurmankhojayev} and R. {Mussabayev}},
  booktitle={2018 14th International Conference on Electronics Computer and Computation (ICECCO)}, 
  title={Reinforcement Learning Intersection Controller}, 
  year={2018},
  volume={},
  number={},
  pages={206-212},
  doi={10.1109/ICECCO.2018.8634692}
}

@INPROCEEDINGS{LangeChange1,
  author={P. {Wang} and C. {Chan} and A. {de La Fortelle}},
  booktitle={2018 IEEE Intelligent Vehicles Symposium (IV)}, 
  title={A Reinforcement Learning Based Approach for Automated Lane Change Maneuvers}, 
  year={2018},
  volume={},
  number={},
  pages={1379-1384},
  doi={10.1109/IVS.2018.8500556}
}

@article{intersection3,
title = {Multi-Objective reinforcement learning approach for improving safety at intersections with adaptive traffic signal control},
journal = {Accident Analysis \& Prevention},
volume = {144},
pages = {105655},
year = {2020},
issn = {0001-4575},
doi = {https://doi.org/10.1016/j.aap.2020.105655},
author = {Yaobang Gong and Mohamed Abdel-Aty and Jinghui Yuan and Qing Cai}
}

@article{SafeEfficientAndComfortable,
title = {Safe, efficient, and comfortable velocity control based on reinforcement learning for autonomous driving},
journal = {Transportation Research Part C: Emerging Technologies},
volume = {117},
pages = {102662},
year = {2020},
issn = {0968-090X},
doi = {https://doi.org/10.1016/j.trc.2020.102662},
url = {https://www.sciencedirect.com/science/article/pii/S0968090X20305775},
author = {Meixin Zhu and Yinhai Wang and Ziyuan Pu and Jingyun Hu and Xuesong Wang and Ruimin Ke},
keywords = {Car following, Autonomous driving, Velocity control, Reinforcement learning, NGSIM, Deep Deterministic Policy Gradient (DDPG)}
}

@article{HumanLikeAutonomouCF,
title = {Human-like autonomous car-following model with deep reinforcement learning},
journal = {Transportation Research Part C: Emerging Technologies},
volume = {97},
pages = {348-368},
year = {2018},
issn = {0968-090X},
doi = {https://doi.org/10.1016/j.trc.2018.10.024},
url = {https://www.sciencedirect.com/science/article/pii/S0968090X1830055X},
author = {Meixin Zhu and Xuesong Wang and Yinhai Wang},
keywords = {Autonomous car following, Human-like driving planning, Deep reinforcement learning, Naturalistic driving study, Deep deterministic policy gradient}
}


@article{CFelectricVehicle,
author = {Yuankai, Wu and Tan, Huachun and Peng, Jiankun and Ran, Bin},
year = {2019},
month = {09},
pages = {},
title = {A Deep Reinforcement Learning Based Car Following Model for Electric Vehicle},
volume = {2},
journal = {Smart City Application},
doi = {10.33142/sca.v2i5.813}
}

@article{Chong2011SimulationOD,
  title={Simulation of Driver Behavior with Agent-Based Back-Propagation Neural Network},
  author={L. Chong and Montasir M. Abbas and Alejandra Medina},
  journal={Transportation Research Record},
  year={2011},
  volume={2249},
  pages={44 - 51}
}

@article{ZHOU2017245,
title = {A recurrent neural network based microscopic car following model to predict traffic oscillation},
journal = {Transportation Research Part C: Emerging Technologies},
volume = {84},
pages = {245-264},
year = {2017},
issn = {0968-090X},
doi = {https://doi.org/10.1016/j.trc.2017.08.027},
url = {https://www.sciencedirect.com/science/article/pii/S0968090X17302371},
author = {Mofan Zhou and Xiaobo Qu and Xiaopeng Li},
keywords = {Recurrent neural networks, Traffic flow dynamics, Car-following, Oscillation}
}


@article{ComparisonRLvsMPC,
  title={Comparison of deep reinforcement learning and model predictive control for adaptive cruise control},
  author={Lin, Yuan and McPhee, John and Azad, Nasser L},
  journal={IEEE Transactions on Intelligent Vehicles},
  volume={6},
  number={2},
  pages={221--231},
  year={2020},
  publisher={IEEE}
}


@INPROCEEDINGS{DissipatingStopAndGoWaves,
  author={A. R. {Kreidieh} and C. {Wu} and A. M. {Bayen}},
  booktitle={2018 21st International Conference on Intelligent Transportation Systems (ITSC)}, 
  title={Dissipating stop-and-go waves in closed and open networks via deep reinforcement learning}, 
  year={2018},
  volume={},
  number={},
  pages={1475-1480},
  doi={10.1109/ITSC.2018.8569485}
}

@misc{DampenStopAndGoTraffic,
      title={Dampen the Stop-and-Go Traffic with Connected and Automated Vehicles -- A Deep Reinforcement Learning Approach}, 
      author={Liming Jiang and Yuanchang Xie and Danjue Chen and Tienan Li and Nicholas G. Evans},
      year={2020},
      eprint={2005.08245},
      archivePrefix={arXiv},
      primaryClass={eess.SP}
}


@article{DDPG,
author = {Lillicrap, Timothy and Hunt, Jonathan and Pritzel, Alexander and Heess, Nicolas and Erez, Tom and Tassa, Yuval and Silver, David and Wierstra, Daan},
year = {2015},
month = {09},
pages = {},
title = {Continuous control with deep reinforcement learning},
journal = {CoRR}
}


@inproceedings{MRL,
  title={On the difficulty of modular reinforcement learning for real-world partial programming},
  author={Bhat, Sooraj and Isbell, Charles L and Mateas, Michael},
  booktitle={AAAI},
  pages={318--323},
  year={2006},
  volume = {1},
  journal = {Proceedings of the National Conference on Artificial Intelligence}
}


@misc{MRLexample1,
      title={Modular Deep Reinforcement Learning for Continuous Motion Planning with Temporal Logic}, 
      author={Mingyu Cai and Mohammadhosein Hasanbeig and Shaoping Xiao and Alessandro Abate and Zhen Kan},
      year={2021},
      eprint={2102.12855},
      archivePrefix={arXiv},
      primaryClass={cs.LG}
}

@INPROCEEDINGS{MRLexample2,
  author={Wang, Zhe and Tian, Zhongyuan and Xu, Jiang and Maeda, Rafael K. V. and Li, Haoran and Yang, Peng and Wang, Zhehui and Duong, Luan H. K. and Wang, Zhifei and Chen, Xuanqi},
  booktitle={2017 22nd Asia and South Pacific Design Automation Conference (ASP-DAC)}, 
  title={Modular reinforcement learning for self-adaptive energy efficiency optimization in multicore system}, 
  year={2017},
  volume={},
  number={},
  pages={684-689},
  doi={10.1109/ASPDAC.2017.7858403}
}


@inproceedings{MRLexample3,
  title={Modular multitask reinforcement learning with policy sketches},
  author={Andreas, Jacob and Klein, Dan and Levine, Sergey},
  booktitle={International Conference on Machine Learning},
  pages={166--175},
  year={2017},
  organization={PMLR}
}
  

@inproceedings{idm_plus,
  title={Effects of cooperative adaptive cruise control on traffic flow stability},
  author={Schakel, Wouter J and Van Arem, Bart and Netten, Bart D},
  booktitle={13th International IEEE Conference on Intelligent Transportation Systems},
  pages={759--764},
  year={2010},
  organization={IEEE},
doi = {10.1109/ITSC.2010.5625133}
}



@inproceedings{relu,
author = {Nair, Vinod and Hinton, Geoffrey E.},
title = {Rectified Linear Units Improve Restricted Boltzmann Machines},
booktitle={ICML 2010},
year = {2010},
isbn = {9781605589077},
publisher = {Omnipress},
address = {Madison, WI, USA},
pages = {807–814},
numpages = {8},
location = {Haifa, Israel},
series = {ICML'10}
}

@article{numericalUpdateMethodsTreiber,
   title={Comparing numerical integration schemes for time-continuous car-following models},
   volume={419},
   ISSN={0378-4371},
   url={http://dx.doi.org/10.1016/j.physa.2014.09.061},
   DOI={10.1016/j.physa.2014.09.061},
   journal={Physica A: Statistical Mechanics and its Applications},
   publisher={Elsevier BV},
   author={Treiber, Martin and Kanagaraj, Venkatesan},
   year={2015},
   month={Feb},
   pages={183–195}
}

@inproceedings{TD3,
  title={Addressing function approximation error in actor-critic methods},
  author={Fujimoto, Scott and Hoof, Herke and Meger, David},
  booktitle={International Conference on Machine Learning},
  pages={1587--1596},
  year={2018},
  organization={PMLR}
}


@article{OU,
  title = {On the Theory of the Brownian Motion},
  author = {Uhlenbeck, G. E. and Ornstein, L. S.},
  journal = {Phys. Rev.},
  volume = {36},
  issue = {5},
  pages = {823--841},
  numpages = {0},
  year = {1930},
  month = {Sep},
  publisher = {American Physical Society},
  doi = {10.1103/PhysRev.36.823},
  url = {https://link.aps.org/doi/10.1103/PhysRev.36.823}
}

@article{CIRprocess,
  title = {Simulating the CIR and Heston Processes: Matching the First Four Moments},
  author = {Okhrin, Ostap and Rockinger, Michael and Schmid, Manuel },
  year = {2021},
  month = {Jun},
journal = {unpublished}
}

@INPROCEEDINGS{Patrol,
  title = {PATROL: A Velocity Control Framework for Autonomous Vehicle via Spatial-Temporal Reinforcement Learning},
  author = {Xu, Zhi and Liu, Shuncheng and Wu, Ziniu  and Chen, Xu and Zeng, Kai and  Zheng, Kai and Su, Han  },
  year = {2021},
  booktitle = {Proceedings of the 30th ACM International Conference on Information and Knowledge Management (CIKM ’21), November 1–5, 2021, Virtual Event, QLD, Australia},
 url={https://doi.org/10.1145/3459637.3482283}
}

@INPROCEEDINGS{HumanLikeCF,
  author={Zhang, Yi and Sun, Ping and Yin, Yuhan and Lin, Lin and Wang, Xuesong},
  booktitle={2018 IEEE Intelligent Vehicles Symposium (IV)}, 
  title={Human-like Autonomous Vehicle Speed Control by Deep Reinforcement Learning with Double Q-Learning}, 
  year={2018},
  volume={},
  number={},
  pages={1251-1256},
  doi={10.1109/IVS.2018.8500630}
}

@article{HumanLikeCF2,
author = {Ju Xie and Xing Xu and Feng Wang and Haobin Jiang},
title ={Modeling human-like longitudinal driver model for intelligent vehicles based on reinforcement learning},
journal = {Proceedings of the Institution of Mechanical Engineers, Part D: Journal of Automobile Engineering},
volume = {235},
number = {8},
pages = {2226-2241},
year = {2021},
doi = {10.1177/0954407020983579},
URL = {https://doi.org/10.1177/0954407020983579},
eprint = {https://doi.org/10.1177/0954407020983579}
}

@article{EndToEndCF,
author = {Masmoudi, Mehdi and Friji, Hamdi and Ghazzai, Hakim and Massoud, Yehia},
year = {2021},
month = {05},
pages = {1-1},
title = {A Reinforcement Learning Framework for Video Frame-Based Autonomous Car-Following},
volume = {PP},
journal = {IEEE Open Journal of Intelligent Transportation Systems},
doi = {10.1109/OJITS.2021.3083201}
}




